<?xml version="1.0" encoding="UTF-8"?><collection xmlns="http://www.loc.gov/MARC21/slim"><record><leader>00378nam--2200133-i-4500</leader><controlfield tag="001">000018666</controlfield><controlfield tag="002">20161230</controlfield><controlfield tag="005">20161230201032</controlfield><controlfield tag="008">060222s1000------------r-----000-0-eng-d</controlfield><datafield ind1=" " ind2=" " tag="100"><subfield code="a">Eichler, E., O Keeley G.D., Johnson, N.R</subfield></datafield><datafield ind1=" " ind2=" " tag="245"><subfield code="a">Nuclear chemistr</subfield></datafield><datafield ind1=" " ind2=" " tag="260"><subfield code="a">London, Interscience Publishers, 1963. Xiii + 202 P</subfield></datafield><datafield ind1=" " ind2=" " tag="490"><subfield code="a">Technique Of Inorganic Chemistry</subfield></datafield><datafield ind1=" " ind2=" " tag="852"><subfield code="a">19180</subfield></datafield></record></collection>